@misc{wang2024nuist,
  author       = {Ziheng Wang},
  title        = {NUIST Experiment Report LaTeX Template},
  year         = {2024},
  url          = {\url{https://github.com/Nickory/Nuist-expriment-report-latex}},
  note         = {Available at GitHub: \url{https://github.com/Nickory/Nuist-expriment-report-latex}},
}
